@misc{EBuilding,
	title = {EBuilding blocks for complicated and situational aware robotic and cyber-physical systems},
	url = {https://robmosys.pages.gitlab.kuleuven.be/composable-and-explainable-systems-of-systems.pdf}},
@misc{SOEM,
	title = {SOEM github repository},
	url = {https://github.com/OpenEtherCATsociety/SOEM}},
@misc{robif2b,
	title = {robif2b github repository},
	url = {https://github.com/rosym-project/robif2b}},